@book{Gamma1994,
	title =     {Design Patterns: Elements of Reusable Object-Oriented Software},
	author =    {Erich Gamma, Richard Helm, Ralph Johnson, John M. Vlissides},
	publisher = {Addison-Wesley Professional},
	isbn =      {0201633612,9780201633610},
	year =      {1994},
	url =       {http://gen.lib.rus.ec/book/index.php?md5=b0b729b80692ce7923673fbd43b88339},
	pages = {127-136, 293-303},
}
@article{Pianini_2013, 
 	title={Chemical-oriented simulation of computational systems with ALCHEMIST}, 
 	volume={7}, 
 	ISSN={1747-7786}, 
 	url={http://dx.doi.org/10.1057/jos.2012.27},
 	DOI={10.1057/jos.2012.27},
 	number={3},
 	journal={Journal of Simulation},
 	publisher={Informa UK Limited},
 	author={Pianini, D and Montagna, S and Viroli, M},
 	year={2013},
 	month=aug,
 	pages={202–215}
}

@article{Weiser2002,
	title = {The computer for the 21st Century},
	volume = {1},
	ISSN = {1536-1268},
	url = {http://dx.doi.org/10.1109/MPRV.2002.993141},
	DOI = {10.1109/mprv.2002.993141},
	number = {1},
	journal = {IEEE Pervasive Computing},
	publisher = {Institute of Electrical and Electronics Engineers (IEEE)},
	author = {Weiser,  M.},
	year = {2002},
	month = jan,
	pages = {19–25}
}

@inproceedings{PMV2011,
	author = {Pianini, Danilo and Montagna, Sara and Viroli, Mirko},
	year = {2011},
	month = {01},
	pages = {667-674},
	title = {A Chemical Inspired Simulation Framework for Pervasive Services Ecosystems.},
	journal = {2011 Federated Conference on Computer Science and Information Systems, FedCSIS 2011}
}

@article{Zambonelli2015,
	title = {Developing pervasive multi-agent systems with nature-inspired coordination},
	volume = {17},
	ISSN = {1574-1192},
	url = {http://dx.doi.org/10.1016/j.pmcj.2014.12.002},
	DOI = {10.1016/j.pmcj.2014.12.002},
	journal = {Pervasive and Mobile Computing},
	publisher = {Elsevier BV},
	author = {Zambonelli,  Franco and Omicini,  Andrea and Anzengruber,  Bernhard and Castelli,  Gabriella and De Angelis,  Francesco L. and Serugendo,  Giovanna Di Marzo and Dobson,  Simon and Fernandez-Marquez,  Jose Luis and Ferscha,  Alois and Mamei,  Marco and Mariani,  Stefano and Molesini,  Ambra and Montagna,  Sara and Nieminen,  Jussi and Pianini,  Danilo and Risoldi,  Matteo and Rosi,  Alberto and Stevenson,  Graeme and Viroli,  Mirko and Ye,  Juan},
	year = {2015},
	month = feb,
	pages = {236–252}
}